<?xml version="1.0" encoding="UTF-8"?><record xmlns="http://www.loc.gov/MARC21/slim" xmlns:cinclude="http://apache.org/cocoon/include/1.0" xmlns:zs="http://www.loc.gov/zing/srw/">
  <leader>00721cz  a2200181n  4500</leader>
  <controlfield tag="001">nr 93013932 </controlfield>
  <controlfield tag="003">DLC</controlfield>
  <controlfield tag="005">20080905081435.0</controlfield>
  <controlfield tag="008">930414n| acannaabn          |b aaa     c</controlfield>
  <datafield tag="010" ind1=" " ind2=" ">
    <subfield code="a">nr 93013932 </subfield>
  </datafield>
  <datafield tag="035" ind1=" " ind2=" ">
    <subfield code="a">(OCoLC)oca03356622</subfield>
  </datafield>
  <datafield tag="040" ind1=" " ind2=" ">
    <subfield code="a">NjP</subfield>
    <subfield code="b">eng</subfield>
    <subfield code="c">NjP</subfield>
    <subfield code="d">OCoLC</subfield>
  </datafield>
  <datafield tag="100" ind1="1" ind2=" ">
    <subfield code="a">Ṣayd, Aḥmad Muḥammad al-Masʻūdī</subfield>
  </datafield>
  <datafield tag="400" ind1="1" ind2=" ">
    <subfield code="a">Masʻūdī, Aḥmad Muḥammad</subfield>
  </datafield>
  <datafield tag="400" ind1="1" ind2=" ">
    <subfield code="a">صيد، احمد محمد المسعودي</subfield>
  </datafield>
  <datafield tag="667" ind1=" " ind2=" ">
    <subfield code="a">Machine-derived non-Latin script reference project.</subfield>
  </datafield>
  <datafield tag="667" ind1=" " ind2=" ">
    <subfield code="a">Non-Latin script reference not evaluated.</subfield>
  </datafield>
  <datafield tag="670" ind1=" " ind2=" ">
    <subfield code="a">His Sharḥ waẓīfat Sayyidī Muḥammad ibn ʻĪsá, 1976:</subfield>
    <subfield code="b">t.p. (al-Shaykh Aḥmad Muḥammad al-Masʻūdī al-Ṣayd al-Azharī al-Ṭarābulusī)</subfield>
  </datafield>
</record>